<?xml version="1.0" encoding="UTF-8"?><record xmlns="http://www.loc.gov/MARC21/slim" xmlns:cinclude="http://apache.org/cocoon/include/1.0" xmlns:zs="http://www.loc.gov/zing/srw/">
  <leader>00748cz  a2200169n  4500</leader>
  <controlfield tag="001">n  87148821 </controlfield>
  <controlfield tag="003">DLC</controlfield>
  <controlfield tag="005">20141218102026.0</controlfield>
  <controlfield tag="008">871207n| acannaab           |n abd      </controlfield>
  <datafield tag="010" ind1=" " ind2=" ">
    <subfield code="a">n  87148821 </subfield>
  </datafield>
  <datafield tag="040" ind1=" " ind2=" ">
    <subfield code="a">DLC</subfield>
    <subfield code="b">eng</subfield>
    <subfield code="c">DLC</subfield>
    <subfield code="d">DLC</subfield>
  </datafield>
  <datafield tag="100" ind1="1" ind2="0">
    <subfield code="a">Lal, Jawahar</subfield>
  </datafield>
  <datafield tag="667" ind1=" " ind2=" ">
    <subfield code="a">THIS 1XX FIELD CANNOT BE USED UNDER RDA UNTIL THIS UNDIFFERENTIATED RECORD HAS BEEN HANDLED FOLLOWING THE GUIDELINES IN DCM Z1 008/32</subfield>
  </datafield>
  <datafield tag="670" ind1=" " ind2=" ">
    <subfield code="a">[Author of Corporate annual reports]</subfield>
  </datafield>
  <datafield tag="670" ind1=" " ind2=" ">
    <subfield code="a">nuc87-126484: Author's Corporate annual reports, c1985</subfield>
    <subfield code="b">(hdg. on OOxM rept.: Lal, Jawahar; usage: Jawahar Lal)</subfield>
  </datafield>
  <datafield tag="670" ind1=" " ind2=" ">
    <subfield code="a">[Integrating IBM DB2 with the IBM system storage N series]</subfield>
  </datafield>
  <datafield tag="670" ind1=" " ind2=" ">
    <subfield code="a">Integrating IBM DB2 with the IBM system storage N series, 2006:</subfield>
    <subfield code="b">cover (Jawahar Lal)</subfield>
  </datafield>
</record>